pleins d'information sur la constructions de playlists, tutorial tr√®s complet
@inproceedings{ismir2010:playlist-tutorial,
    author = "Fields, Ben AND Lamere, Paul",
    title = "Finding a path through the Juke Box The Playlist Tutorial",
    booktitle = "ISMIR, International Society for Music Information Retrieval",
    year = "2010",
}